%%文献
%%https://blog.csdn.net/chl033/article/details/5927207
@article{fisher1930genetical,
  title={The Genetical Theory of Natural Selection. Oxford: Clarendon Press. 272 p},
  author={Fisher, RA},
  year={1930}
}

@article{lewontin1961evolution,
  title={Evolution and the theory of games},
  author={Lewontin, Richard C},
  journal={Journal of theoretical biology},
  volume={1},
  number={3},
  pages={382--403},
  year={1961},
  publisher={Elsevier}
}
@article{smith1973logic,
  title={The logic of animal conflict},
  author={Smith, J Maynard and Price, George R},
  journal={Nature},
  volume={246},
  number={5427},
  pages={15},
  year={1973},
  publisher={Nature Publishing Group}
}
@book{dugatkin2000game,
  title={Game theory and animal behavior},
  author={Dugatkin, Lee Alan and Reeve, Hudson Kern},
  year={2000},
  publisher={Oxford University Press on Demand}
}
@book{smith1982evolution,
  title={Evolution and the Theory of Games},
  author={Smith, John Maynard},
  year={1982},
  publisher={Cambridge university press}
}
@incollection{suleiman1996evolution,
  title={The evolution of cooperation in a simulated inter-group conflict},
  author={Suleiman, Ramzi and Fischer, Ilan},
  booktitle={Frontiers in Social Dilemmas Research},
  pages={419--438},
  year={1996},
  publisher={Springer}
}
@article{taylor1978evolutionary,
  title={Evolutionary stable strategies and game dynamics},
  author={Taylor, Peter D and Jonker, Leo B},
  journal={Mathematical biosciences},
  volume={40},
  number={1-2},
  pages={145--156},
  year={1978},
  publisher={Elsevier}
}
@article{christiansen1991conditions,
  title={On conditions for evolutionary stability for a continuously varying character},
  author={Christiansen, Freddy Bugge},
  journal={The American Naturalist},
  volume={138},
  number={1},
  pages={37--50},
  year={1991},
  publisher={University of Chicago Press}
}
@article{van2019logics,
  title={Logics for Analyzing Games},
  author={van Benthem, Johan and Klein, Dominik},
  year={2019}
}
@article{day2003evolutionary,
  title={Evolutionary dynamics and stability in discrete and continuous games},
  author={Day, Troy and Taylor, Peter D},
  journal={Evolutionary Ecology Research},
  volume={5},
  number={4},
  pages={605--613},
  year={2003},
  publisher={Evolutionary Ecology, Ltd.}
}
@book{skyrms1996evolution,
  title={Evolution of the social contract},
  author={Skyrms, Brian},
  year={1996},
  publisher={Cambridge University Press}
  page={3--4}
}

@article{enquist2007critical,
  title={Critical social learning: a solution to Rogers's paradox of nonadaptive culture},
  author={Enquist, Magnus and Eriksson, Kimmo and Ghirlanda, Stefano},
  journal={American Anthropologist},
  volume={109},
  number={4},
  pages={727--734},
  year={2007},
  publisher={Wiley Online Library}
}
@article{kameda2003does,
  title={Does social/cultural learning increase human adaptability?: Rogers's question revisited},
  author={Kameda, Tatsuya and Nakanishi, Daisuke},
  journal={Evolution and Human Behavior},
  volume={24},
  number={4},
  pages={242--260},
  year={2003},
  publisher={Elsevier}
}
@article{fletcher2007evolution,
  title={The evolution of altruism: game theory in multilevel selection and inclusive fitness},
  author={Fletcher, Jeffrey A and Zwick, Martin},
  journal={Journal of theoretical biology},
  volume={245},
  number={1},
  pages={26--36},
  year={2007},
  publisher={Elsevier}
}
@article{page2002empathy,
  title={Empathy leads to fairness},
  author={Page, Karen M and Nowak, Martin A},
  journal={Bulletin of mathematical biology},
  volume={64},
  number={6},
  pages={1101--1116},
  year={2002},
  publisher={Springer}
}